@misc{rowe2022,
	title = {Spatial Interaction Modelling: A Manifesto},
	author = {Rowe, Francisco and Lovelace, Robin and Dennett, Adam},
	year = {2022},
	month = {07},
	date = {2022-07-22},
	url = {http://dx.doi.org/10.31219/osf.io/xcdms}
}


@misc{rey2023geographic,
  title={Geographic Data Science with Python},
  author={Rey, SJ and Arribas-Bel, D and Wolf, LJ},
  year={2023},
  publisher={CRC Press}
}
